@book{pierce2002,
  author = {Benjamin C. Pierce},
  title = {Types and Programming Languages},
  publisher = {MIT Press},
  year = 2002,
  plclub = {Yes},
  bcp = {Yes},
  keys = {books},
  homepage = {http://www.cis.upenn.edu/~bcpierce/tapl},
  errata = {http://www.cis.upenn.edu/~bcpierce/tapl/errata.txt}
}

@manual{blanchette:sledgehammer,
  author = "Jasmin C. Blanchette",
  title = "Hammering Away : A User's Guide to Sledgehammer for Isabele/HOL",
  year = "2014"
}

@manual{nipkow:prog-prove,
  author = "Tobias Nipkow",
  title = "Programming and Proving in Isabelle/HOL",
  year = "2014"
}

@manual{nipkow:tutorial,
  author = "Tobias Nipkow and Lawrence C. Paulson and Markus Wenzel",
  title = "Isabelle/HOL : A Proof Assistant for Higher-Order Logic",
  year = "2014"
}

@conference{nipkow:teaching-proof-assistant,
  author = "Tobias Nipkow",
  title = "Teaching Semantics with a Proof Assistant: No more LSD Trip Proofs",
  booktitle = "Verification, Model Checking, and Abstract Interpretation (VMCAI 2012)",
  year = "2012"
}

@conference{page:thm-proving-undergraduates,
  author = "Rex Page and Carl Eastlund and Matthias Felleisen",
  title = "Functional Programming and Theorem Proving for Undergraduates: A Progress Report",
  booktitle = "Functional and Declarative Programming in Education (FDPE08)",
  year = "2008"
}

@misc{pierce:LambdaTA,
  author = {Benjamin C. Pierce},
  title = {Lambda, The Ultimate {TA}: {U}sing a Proof Assistant to Teach
    Programming Language Foundations},
  note = {Keynote address at {\em International Conference on
    Functional Programming (ICFP)}},
  year = 2009,
  plclub = {Yes},
  month = sep,
  bcp = {Yes},
  keys = {poplmark},
  slides = {http://www.cis.upenn.edu/~bcpierce/papers/LambdaTA.pdf}
}
