@book{pierce-2002-TAPL,
  author = {Benjamin C. Pierce},
  title = {Types and Programming Languages},
  publisher = {MIT Press},
  year = 2002,
  plclub = {Yes},
  bcp = {Yes},
  keys = {books},
  homepage = {http://www.cis.upenn.edu/~bcpierce/tapl},
  errata = {http://www.cis.upenn.edu/~bcpierce/tapl/errata.txt}
}

@book{hankin-2004-ILCCS,
  author = {Chris Hankin},
  title = {An Introduction to Lambda Calculi for Computer Scientists},
  publisher = {College Publications},
  year = 2004,
  isbn = {0954300653},
  month = {February},
  pages = 180
}

@manual{nipkow-2014-prog-prove,
  author = "Tobias Nipkow",
  title = "Programming and Proving in Isabelle/HOL",
  year = "2014"
}

@manual{nipkow-et-al-2014-tutorial,
  author = "Tobias Nipkow and Lawrence C. Paulson and Markus Wenzel",
  title = "Isabelle/HOL : A Proof Assistant for Higher-Order Logic",
  year = "2014"
}

@manual{blanchette-2014-sledgehammer,
  author = "Jasmin C. Blanchette",
  title = "Hammering Away : A User's Guide to Sledgehammer for Isabele/HOL",
  year = "2014"
}
